@manual{lshort,
    author = {Oetiket, Tobias. and Partl, Hubert. and Hyna, Irene. and Schlegl, Elisabeth.},
    title = {The not-so-short introduction to Latex},
    url = {http://www.ctan.org/tex-archive/info/lshort/english/lshort.pdf},
    year = {2011}
},

@book{dongen_latex_2012,
	title = {Latex and Friends},
	publisher = {Springer-Verlag},
	author = {Dongen, Marc R. C. Van},
	year = {2012},
	address = {Berlin and Heidelberg}
},

@book{latexompanion,
    author = {Mittelbach, Frank and Goossens, Michel and Braams, Johannes and Carlisle, David and Rowley, Chris},
    edition = {2},
    publisher = {Addison-Wesley Professional},
    series = {Tools and Techniques for Computer Typesetting},
    title = {The \LaTeX{} Companion},
    year = {2004}
}

